@article{ACKERMANN2003624,
title = {STAR detector overview},
journal = {Nuclear Instruments and Methods in Physics Research Section A: Accelerators, Spectrometers, Detectors and Associated Equipment},
volume = {499},
number = {2},
pages = {624-632},
year = {2003},
note = {The Relativistic Heavy Ion Collider Project: RHIC and its Detectors},
issn = {0168-9002},
doi = {https://doi.org/10.1016/S0168-9002(02)01960-5},
url = {https://www.sciencedirect.com/science/article/pii/S0168900202019605},
author = {STAR Collaboration},
keywords = {Relativistic heavy ions, Tracking detectors, Electromagnetic calorimeters, Gas detectors, Silicon detectors},
abstract = {An introduction to the STAR detector and a brief overview of the physics goals of the experiment are presented.}
}